@ARTICLE{Abrusci:JSL91,
 ISSN = {00224812},
 URL = {http://www.jstor.org/stable/2275485},
 author = {Abrusci, V. Michele},
 journal = {The Journal of Symbolic Logic},
 number = {4},
 pages = {1403--1451},
 publisher = {Association for Symbolic Logic, Cambridge University Press},
 title = {Phase Semantics and Sequent Calculus for Pure Noncommutative Classical Linear Propositional Logic},
 volume = {56},
 year = {1991}
}

@ARTICLE{Steinberger:JPL11,
 author = {Steinberger, Florian},
 journal = {Journal of Philosophical Logic},
 title = {Why Conclusions Should Remain Single},
 year = {2011}
}